<?xml version="1.0" encoding="utf-8"?>
<record xmlns="http://www.loc.gov/MARC21/slim" xmlns:xsi="http://www.w3.org/2001/XMLSchema-instance" xsi:schemaLocation="http://www.loc.gov/MARC21/slim http://www.loc.gov/standards/marcxml/schema/MARC21slim.xsd">
	<leader>     nam a22     Mi 4500</leader>
	<controlfield tag="001">450500</controlfield>
	<controlfield tag="003">NjP</controlfield>
	<controlfield tag="006">m        d        </controlfield>
	<controlfield tag="007">cr cn |||m|||a</controlfield>
	<controlfield tag="008">200327s1950    le      o     000 0 ara d</controlfield>
	<datafield ind1=" " ind2=" " tag="040">
		<subfield code="a">ZYU</subfield>
		<subfield code="b">ara</subfield>
		<subfield code="e">rda</subfield>
		<subfield code="c">ZYU</subfield>
	</datafield>
	<datafield ind1=" " ind2="4" tag="050">
		<subfield code="a">PJ6074</subfield>
		<subfield code="b">.M35 1950</subfield>
	</datafield>
	<datafield ind1="1" ind2=" " tag="100">
		<subfield code="6">880-01</subfield>
		<subfield code="a">Marmarjī, A. S.,</subfield>
		<subfield code="d">1887-</subfield>
	</datafield>
	<datafield ind1="1" ind2="0" tag="245">
		<subfield code="6">880-03</subfield>
		<subfield code="a">Muʻjamiyāt ʻarabīyah :</subfield>
		<subfield code="b">sāmīyah /</subfield>
		<subfield code="c">al-Āb A.S. Marmarjī al-Dūmankī.</subfield>
	</datafield>
	<datafield ind1=" " ind2=" " tag="260">
		<subfield code="6">880-02</subfield>
		<subfield code="a">Jūnīyah, Lubnān :</subfield>
		<subfield code="b">Maṭbaʻat al-Murasalīn al-Lubnānīyīn,</subfield>
		<subfield code="c">[1950]</subfield>
	</datafield>
	<datafield ind1=" " ind2=" " tag="300">
		<subfield code="a">online resource (247 pages)</subfield>
	</datafield>
	<datafield ind1=" " ind2=" " tag="336">
		<subfield code="a">text</subfield>
		<subfield code="2">rdacontent</subfield>
	</datafield>
	<datafield ind1=" " ind2=" " tag="337">
		<subfield code="a">computer</subfield>
		<subfield code="2">rdamedia</subfield>
	</datafield>
	<datafield ind1=" " ind2=" " tag="338">
		<subfield code="a">online resource</subfield>
		<subfield code="2">rdacarrier</subfield>
	</datafield>
	<datafield ind1=" " ind2=" " tag="500">
		<subfield code="a">Part of the Arabic Collections Online (ACO) project, contributed by Princeton University Libraries.</subfield>
	</datafield>
	<datafield ind1="0" ind2=" " tag="505">
		<subfield code="a">&quot;Taḥwī awwalan taḥqīqāt muʻjamīyah ʻāmmah, thāniyan, naẓarāt fī taʼṣīlāt, aw-naqd risālat &quot;al-Alfāẓ al-Siryānīyah fī al-maʻājim al-ʻArabīyah&quot; li-wāḍiʻihā al-Baṭrīk Afrām Barṣūm, wa-hiya mabḥūthah ʻalá ḍawʼ al-thunāʼīyah wa-al-alsinīyah al-Sāmīyah.&quot;</subfield>
	</datafield>
	<datafield ind1=" " ind2=" " tag="533">
		<subfield code="a">Electronic reproduction.</subfield>
		<subfield code="b">New York, N.Y. :</subfield>
		<subfield code="c">New York University,</subfield>
		<subfield code="d">2020.</subfield>
		<subfield code="5">NNU</subfield>
	</datafield>
	<datafield ind1=" " ind2="0" tag="650">
		<subfield code="a">Arabic language</subfield>
		<subfield code="x">Lexicography.</subfield>
	</datafield>
	<datafield ind1=" " ind2="0" tag="650">
		<subfield code="a">Semitic philology.</subfield>
	</datafield>
	<datafield ind1=" " ind2="7" tag="650">
		<subfield code="a">Arabic language</subfield>
		<subfield code="x">Lexicography.</subfield>
		<subfield code="2">fast</subfield>
		<subfield code="0">(OCoLC)fst00812371</subfield>
	</datafield>
	<datafield ind1=" " ind2="7" tag="650">
		<subfield code="a">Semitic philology.</subfield>
		<subfield code="2">fast</subfield>
		<subfield code="0">(OCoLC)fst01112420</subfield>
	</datafield>
	<datafield ind1="2" ind2=" " tag="710">
		<subfield code="a">Princeton University.</subfield>
		<subfield code="b">Library.</subfield>
	</datafield>
	<datafield ind1="0" ind2=" " tag="730">
		<subfield code="a">Arabic Collections Online.</subfield>
	</datafield>
	<datafield ind1="0" ind2="8" tag="776">
		<subfield code="i">Online version:</subfield>
		<subfield code="a">Marmarjī, A.S., b. 1887.</subfield>
		<subfield code="t">Muʻjamiyāt ʻarabīyah.</subfield>
		<subfield code="d">Jūnīyah, Lubnān : Maṭbaʻat al-Murasalīn al-Lubnānīyīn, [1950]</subfield>
		<subfield code="w">(OCoLC)583522415</subfield>
	</datafield>
	<datafield ind1="0" ind2="8" tag="776">
		<subfield code="i">Print version:</subfield>
		<subfield code="a">Marmarjī, A. S., 1887-</subfield>
		<subfield code="t">Muʻjamiyāt ʻarabīyah</subfield>
		<subfield code="w">(NjP)450500</subfield>
		<subfield code="w">(OCoLC)67308634</subfield>
	</datafield>
	<datafield ind1="4" ind2="0" tag="856">
		<subfield code="u">http://hdl.handle.net/2333.1/fj6q5htt</subfield>
	</datafield>
	<datafield ind1="1" ind2=" " tag="880">
		<subfield code="6">100-01</subfield>
		<subfield code="a">مرمرجي، أ. س.</subfield>
	</datafield>
	<datafield ind1=" " ind2=" " tag="880">
		<subfield code="6">260-02</subfield>
		<subfield code="a">جونية، لبنان :</subfield>
		<subfield code="b">مطبعة المرسلين اللبنانيين،</subfield>
		<subfield code="c">١٩٥٠.</subfield>
	</datafield>
	<datafield ind1="1" ind2="0" tag="880">
		<subfield code="6">245-03</subfield>
		<subfield code="a">معجميات عربية - سامية /</subfield>
		<subfield code="c">أ. س. مرمرجي.</subfield>
	</datafield>
	<datafield ind1=" " ind2=" " tag="959">
		<subfield code="a">NNU</subfield>
		<subfield code="b">WEB</subfield>
		<subfield code="c">GENI</subfield>
		<subfield code="t">0</subfield>
		<subfield code="m">Electronic access</subfield>
		<subfield code="s">01</subfield>
	</datafield>
	<datafield ind1=" " ind2=" " tag="999">
		<subfield code="i">NjP_450500</subfield>
		<subfield code="o">(OCoLC)ocm67308634 </subfield>
		<subfield code="s">princeton_aco002882</subfield>
	</datafield>
</record>
